@book { griffiths,
	author = "David Griffiths",
	year = 1981,
	title = "Introduction to Electrodynamics",
	edition = "3rd Edition",
	chapter = 7,
	page = 286
}

@book { labbook,
	title = "Usyd Senior Physics Lab Book: Experiment 30 - Thin Film Deposition",
	author = "",
	year = 2011
}
